{
    "success": true,
    "count": "3475",
    "data": [
        {
            "deal_header_id": 1,
            "deal_number": "101-1",
            "deal_name": "RCM Deal - 101-1",
            "deal_type": "EDA",
            "vendor_name": "RCM1001 Name",
            "division": "RCM GR TEST",
            "deal_start_date": "2021-01-01",
            "deal_end_date": "2021-12-31",
            "deal_status": "Draft",
            "payment_frequency": "Monthly",
            "currency": "USD",
            "category_manager": "John Smith",
            "creation_date": "2021-01-15T09:30:00.000Z",
            "last_update_date": "2021-06-20T14:25:00.000Z",
            "performance_name": "QA Deal Performance-1",
            "claimed_amount": 1500.00,
            "claimed_quantity": 500,
            "sales": 25000.00,
            "max_capped_amount": 5000.00,
            "comments": "Initial draft deal"
        },
        {
            "deal_header_id": 2,
            "deal_number": "102-2",
            "deal_name": "RCM Deal - 102-2",
            "deal_type": "REBATE",
            "vendor_name": "RCM1002 Name",
            "division": "RCM GR PROD",
            "deal_start_date": "2021-02-01",
            "deal_end_date": "2021-11-30",
            "deal_status": "Active",
            "payment_frequency": "Quarterly",
            "currency": "USD",
            "category_manager": "Sarah Johnson",
            "creation_date": "2021-01-25T11:15:00.000Z",
            "last_update_date": "2021-07-10T10:45:00.000Z",
            "performance_name": "Production Performance-1",
            "claimed_amount": 3200.50,
            "claimed_quantity": 800,
            "sales": 42000.00,
            "max_capped_amount": 10000.00,
            "comments": "Q2 rebate program"
        },
        {
            "deal_header_id": 3,
            "deal_number": "103-3",
            "deal_name": "Tech Deal - 103-3",
            "deal_type": "SPIFF",
            "vendor_name": "Tech Corp",
            "division": "Technology Division",
            "deal_start_date": "2021-03-15",
            "deal_end_date": "2021-09-15",
            "deal_status": "Expired",
            "payment_frequency": "Bi-Weekly",
            "currency": "USD",
            "category_manager": "Michael Chen",
            "creation_date": "2021-02-10T14:20:00.000Z",
            "last_update_date": "2021-09-20T16:30:00.000Z",
            "performance_name": "Tech Performance-3",
            "claimed_amount": 875.25,
            "claimed_quantity": 350,
            "sales": 18000.00,
            "max_capped_amount": 2000.00,
            "comments": "Summer tech promotion"
        },
        {
            "deal_header_id": 4,
            "deal_number": "104-4",
            "deal_name": "Food Deal - 104-4",
            "deal_type": "EDA",
            "vendor_name": "Food Distributors Inc",
            "division": "Food Division",
            "deal_start_date": "2021-04-01",
            "deal_end_date": "2022-03-31",
            "deal_status": "Active",
            "payment_frequency": "Monthly",
            "currency": "USD",
            "category_manager": "Emily Wilson",
            "creation_date": "2021-03-15T10:00:00.000Z",
            "last_update_date": "2021-08-05T09:15:00.000Z",
            "performance_name": "Food Performance-2",
            "claimed_amount": 4200.75,
            "claimed_quantity": 1200,
            "sales": 65000.00,
            "max_capped_amount": 7500.00,
            "comments": "Annual food allowance"
        },
        {
            "deal_header_id": 5,
            "deal_number": "105-5",
            "deal_name": "Pharma Deal - 105-5",
            "deal_type": "REBATE",
            "vendor_name": "Pharma Solutions",
            "division": "Healthcare Division",
            "deal_start_date": "2021-05-10",
            "deal_end_date": "2021-12-31",
            "deal_status": "Pending Approval",
            "payment_frequency": "Quarterly",
            "currency": "USD",
            "category_manager": "David Miller",
            "creation_date": "2021-04-20T13:45:00.000Z",
            "last_update_date": "2021-07-30T11:20:00.000Z",
            "performance_name": "Pharma Performance-1",
            "claimed_amount": 0.00,
            "claimed_quantity": 0,
            "sales": 0.00,
            "max_capped_amount": 15000.00,
            "comments": "Q3-Q4 pharma rebate"
        },
        {
            "deal_header_id": 6,
            "deal_number": "106-6",
            "deal_name": "Auto Deal - 106-6",
            "deal_type": "INCENTIVE",
            "vendor_name": "Auto Parts Co",
            "division": "Automotive Division",
            "deal_start_date": "2021-06-01",
            "deal_end_date": "2022-05-31",
            "deal_status": "Active",
            "payment_frequency": "Monthly",
            "currency": "USD",
            "category_manager": "Robert Taylor",
            "creation_date": "2021-05-15T08:30:00.000Z",
            "last_update_date": "2021-09-10T14:50:00.000Z",
            "performance_name": "Auto Performance-4",
            "claimed_amount": 2800.00,
            "claimed_quantity": 700,
            "sales": 38000.00,
            "max_capped_amount": 8000.00,
            "comments": "Annual parts incentive"
        },
        {
            "deal_header_id": 7,
            "deal_number": "107-7",
            "deal_name": "Office Deal - 107-7",
            "deal_type": "EDA",
            "vendor_name": "Office Supplies Ltd",
            "division": "Office Division",
            "deal_start_date": "2021-07-15",
            "deal_end_date": "2021-12-15",
            "deal_status": "Expired",
            "payment_frequency": "Weekly",
            "currency": "USD",
            "category_manager": "Jennifer Brown",
            "creation_date": "2021-06-25T11:10:00.000Z",
            "last_update_date": "2021-12-20T10:05:00.000Z",
            "performance_name": "Office Performance-2",
            "claimed_amount": 1500.50,
            "claimed_quantity": 450,
            "sales": 22000.00,
            "max_capped_amount": 3000.00,
            "comments": "Back to school promotion"
        },
        {
            "deal_header_id": 8,
            "deal_number": "108-8",
            "deal_name": "Electronics Deal - 108-8",
            "deal_type": "REBATE",
            "vendor_name": "Electro World",
            "division": "Electronics Division",
            "deal_start_date": "2021-08-01",
            "deal_end_date": "2022-07-31",
            "deal_status": "Active",
            "payment_frequency": "Quarterly",
            "currency": "USD",
            "category_manager": "Thomas Lee",
            "creation_date": "2021-07-10T14:00:00.000Z",
            "last_update_date": "2021-11-15T16:20:00.000Z",
            "performance_name": "Electro Performance-3",
            "claimed_amount": 5600.25,
            "claimed_quantity": 950,
            "sales": 78000.00,
            "max_capped_amount": 12000.00,
            "comments": "Annual electronics rebate"
        },
        {
            "deal_header_id": 9,
            "deal_number": "109-9",
            "deal_name": "Fashion Deal - 109-9",
            "deal_type": "SPIFF",
            "vendor_name": "Fashion Trends Inc",
            "division": "Apparel Division",
            "deal_start_date": "2021-09-10",
            "deal_end_date": "2021-12-10",
            "deal_status": "Expired",
            "payment_frequency": "Bi-Weekly",
            "currency": "USD",
            "category_manager": "Jessica Martinez",
            "creation_date": "2021-08-20T10:45:00.000Z",
            "last_update_date": "2021-12-15T09:30:00.000Z",
            "performance_name": "Fashion Performance-1",
            "claimed_amount": 2200.75,
            "claimed_quantity": 550,
            "sales": 32000.00,
            "max_capped_amount": 4000.00,
            "comments": "Holiday fashion spiff"
        },
        {
            "deal_header_id": 10,
            "deal_number": "110-10",
            "deal_name": "Home Deal - 110-10",
            "deal_type": "EDA",
            "vendor_name": "Home Essentials",
            "division": "Home Goods Division",
            "deal_start_date": "2021-10-01",
            "deal_end_date": "2022-09-30",
            "deal_status": "Active",
            "payment_frequency": "Monthly",
            "currency": "USD",
            "category_manager": "Daniel Wilson",
            "creation_date": "2021-09-15T13:20:00.000Z",
            "last_update_date": "2022-01-10T11:45:00.000Z",
            "performance_name": "Home Performance-2",
            "claimed_amount": 3800.00,
            "claimed_quantity": 850,
            "sales": 45000.00,
            "max_capped_amount": 9000.00,
            "comments": "Annual home goods program"
        },
        {
            "deal_header_id": 11,
            "deal_number": "111-11",
            "deal_name": "Sports Deal - 111-11",
            "deal_type": "INCENTIVE",
            "vendor_name": "Sports Gear Co",
            "division": "Sports Division",
            "deal_start_date": "2021-11-15",
            "deal_end_date": "2022-05-15",
            "deal_status": "Active",
            "payment_frequency": "Monthly",
            "currency": "USD",
            "category_manager": "Christopher Davis",
            "creation_date": "2021-10-25T09:15:00.000Z",
            "last_update_date": "2022-02-20T14:10:00.000Z",
            "performance_name": "Sports Performance-3",
            "claimed_amount": 2900.50,
            "claimed_quantity": 650,
            "sales": 36000.00,
            "max_capped_amount": 6000.00,
            "comments": "Seasonal sports incentive"
        },
        {
            "deal_header_id": 12,
            "deal_number": "112-12",
            "deal_name": "Beauty Deal - 112-12",
            "deal_type": "REBATE",
            "vendor_name": "Beauty Products Ltd",
            "division": "Beauty Division",
            "deal_start_date": "2021-12-01",
            "deal_end_date": "2022-11-30",
            "deal_status": "Pending Approval",
            "payment_frequency": "Quarterly",
            "currency": "USD",
            "category_manager": "Amanda Johnson",
            "creation_date": "2021-11-10T11:30:00.000Z",
            "last_update_date": "2022-01-15T10:20:00.000Z",
            "performance_name": "Beauty Performance-1",
            "claimed_amount": 0.00,
            "claimed_quantity": 0,
            "sales": 0.00,
            "max_capped_amount": 10000.00,
            "comments": "Annual beauty rebate"
        },
        {
            "deal_header_id": 13,
            "deal_number": "113-13",
            "deal_name": "Toy Deal - 113-13",
            "deal_type": "SPIFF",
            "vendor_name": "Toy Manufacturers Inc",
            "division": "Toys Division",
            "deal_start_date": "2022-01-05",
            "deal_end_date": "2022-04-05",
            "deal_status": "Draft",
            "payment_frequency": "Weekly",
            "currency": "USD",
            "category_manager": "Kevin Anderson",
            "creation_date": "2021-12-15T14:45:00.000Z",
            "last_update_date": "2022-01-10T09:00:00.000Z",
            "performance_name": "Toy Performance-2",
            "claimed_amount": 0.00,
            "claimed_quantity": 0,
            "sales": 0.00,
            "max_capped_amount": 2500.00,
            "comments": "Q1 toy promotion"
        },
        {
            "deal_header_id": 14,
            "deal_number": "114-14",
            "deal_name": "Pet Deal - 114-14",
            "deal_type": "EDA",
            "vendor_name": "Pet Supplies Co",
            "division": "Pet Division",
            "deal_start_date": "2022-02-10",
            "deal_end_date": "2023-01-10",
            "deal_status": "Active",
            "payment_frequency": "Monthly",
            "currency": "USD",
            "category_manager": "Lisa Thompson",
            "creation_date": "2022-01-20T10:10:00.000Z",
            "last_update_date": "2022-03-15T13:25:00.000Z",
            "performance_name": "Pet Performance-3",
            "claimed_amount": 3200.25,
            "claimed_quantity": 750,
            "sales": 41000.00,
            "max_capped_amount": 7000.00,
            "comments": "Annual pet supplies program"
        },
        {
            "deal_header_id": 15,
            "deal_number": "115-15",
            "deal_name": "Garden Deal - 115-15",
            "deal_type": "INCENTIVE",
            "vendor_name": "Garden Products Ltd",
            "division": "Garden Division",
            "deal_start_date": "2022-03-15",
            "deal_end_date": "2022-09-15",
            "deal_status": "Active",
            "payment_frequency": "Monthly",
            "currency": "USD",
            "category_manager": "Richard White",
            "creation_date": "2022-02-25T09:40:00.000Z",
            "last_update_date": "2022-05-20T11:15:00.000Z",
            "performance_name": "Garden Performance-1",
            "claimed_amount": 1800.75,
            "claimed_quantity": 450,
            "sales": 28000.00,
            "max_capped_amount": 3500.00,
            "comments": "Spring gardening incentive"
        },
        {
            "deal_header_id": 16,
            "deal_number": "116-16",
            "deal_name": "Jewelry Deal - 116-16",
            "deal_type": "REBATE",
            "vendor_name": "Fine Jewelry Inc",
            "division": "Jewelry Division",
            "deal_start_date": "2022-04-01",
            "deal_end_date": "2023-03-31",
            "deal_status": "Active",
            "payment_frequency": "Quarterly",
            "currency": "USD",
            "category_manager": "Sophia Garcia",
            "creation_date": "2022-03-10T13:50:00.000Z",
            "last_update_date": "2022-06-15T15:30:00.000Z",
            "performance_name": "Jewelry Performance-2",
            "claimed_amount": 4800.50,
            "claimed_quantity": 600,
            "sales": 72000.00,
            "max_capped_amount": 15000.00,
            "comments": "Annual jewelry rebate"
        },
        {
            "deal_header_id": 17,
            "deal_number": "117-17",
            "deal_name": "Book Deal - 117-17",
            "deal_type": "SPIFF",
            "vendor_name": "Book Publishers Co",
            "division": "Books Division",
            "deal_start_date": "2022-05-10",
            "deal_end_date": "2022-08-10",
            "deal_status": "Expired",
            "payment_frequency": "Bi-Weekly",
            "currency": "USD",
            "category_manager": "Brian Clark",
            "creation_date": "2022-04-20T11:25:00.000Z",
            "last_update_date": "2022-08-15T10:40:00.000Z",
            "performance_name": "Book Performance-3",
            "claimed_amount": 1600.25,
            "claimed_quantity": 400,
            "sales": 24000.00,
            "max_capped_amount": 3000.00,
            "comments": "Summer reading spiff"
        },
        {
            "deal_header_id": 18,
            "deal_number": "118-18",
            "deal_name": "Music Deal - 118-18",
            "deal_type": "EDA",
            "vendor_name": "Music Distributors",
            "division": "Music Division",
            "deal_start_date": "2022-06-01",
            "deal_end_date": "2023-05-31",
            "deal_status": "Active",
            "payment_frequency": "Monthly",
            "currency": "USD",
            "category_manager": "Olivia Martinez",
            "creation_date": "2022-05-15T14:15:00.000Z",
            "last_update_date": "2022-08-20T12:50:00.000Z",
            "performance_name": "Music Performance-1",
            "claimed_amount": 2700.00,
            "claimed_quantity": 550,
            "sales": 35000.00,
            "max_capped_amount": 5000.00,
            "comments": "Annual music allowance"
        },
        {
            "deal_header_id": 19,
            "deal_number": "119-19",
            "deal_name": "Art Deal - 119-19",
            "deal_type": "INCENTIVE",
            "vendor_name": "Art Supplies Ltd",
            "division": "Art Division",
            "deal_start_date": "2022-07-15",
            "deal_end_date": "2023-01-15",
            "deal_status": "Active",
            "payment_frequency": "Monthly",
            "currency": "USD",
            "category_manager": "Nathan Brown",
            "creation_date": "2022-06-25T10:05:00.000Z",
            "last_update_date": "2022-09-10T09:30:00.000Z",
            "performance_name": "Art Performance-2",
            "claimed_amount": 1950.50,
            "claimed_quantity": 350,
            "sales": 26000.00,
            "max_capped_amount": 4000.00,
            "comments": "Back to school art incentive"
        },
        {
            "deal_header_id": 20,
            "deal_number": "120-20",
            "deal_name": "Wine Deal - 120-20",
            "deal_type": "REBATE",
            "vendor_name": "Wine Importers Inc",
            "division": "Beverage Division",
            "deal_start_date": "2022-08-01",
            "deal_end_date": "2023-07-31",
            "deal_status": "Pending Approval",
            "payment_frequency": "Quarterly",
            "currency": "USD",
            "category_manager": "Emma Wilson",
            "creation_date": "2022-07-10T15:20:00.000Z",
            "last_update_date": "2022-09-15T14:10:00.000Z",
            "performance_name": "Wine Performance-3",
            "claimed_amount": 0.00,
            "claimed_quantity": 0,
            "sales": 0.00,
            "max_capped_amount": 12000.00,
            "comments": "Annual wine rebate program"
        }
    ]
}